@inproceedings{amoeba,
 author = {Kumar, Snehasish and Zhao, Hongzhou and Shriraman, Arrvindh and Matthews, Eric and Dwarkadas, Sandhya and Shannon, Lesley},
 title = {Amoeba-{C}ache : {A}daptive {B}locks for {E}liminating {W}aste in the {M}emory {H}ierarchy},
 booktitle = {Proceedings of the 45th Annual IEEE/ACM International Symposium on Microarchitecture},
 series = {MICRO 2012},
 month = {dec},
 year = {2012},
 isbn = {978-0-7695-4924-8},
 numpages = {13},
 url = {http://dx.doi.org/10.1109/MICRO.2012.42},
 doi = {10.1109/MICRO.2012.42},
 acmid = {2457513},
 publisher = {IEEE Computer Society},
 address = {Washington, DC, USA},
 keywords = {Cache architecture, Energy efficiency, Adaptive granularity, Memory system, Amoeba-Cache},
} 

@inproceedings{protozoa,
 author = {Zhao, Hongzhou and Shriraman, Arrvindh and Kumar, Snehasish and Dwarkadas, Sandhya},
 title = {Protozoa : {A}daptive {G}ranularity {C}ache {C}oherence},
 booktitle = {Proceedings of the 40th Annual International Symposium on Computer Architecture},
 series = {ISCA 2013},
 year = {2013},
 month = {jun},
 isbn = {978-1-4503-2079-5},
 location = {Tel-Aviv, Israel},
 numpages = {12},
 url = {http://doi.acm.org/10.1145/2485922.2485969},
 doi = {10.1145/2485922.2485969},
 acmid = {2485969},
 publisher = {ACM},
 address = {New York, NY, USA},
}

@inproceedings{maxc,
 author = {Kumar, Snehasish and Shriraman, Arrvindh and Vedula, Naveen},
 title = {{F}usion : {D}esign {T}radeoffs in {C}oherence {H}ierarchies for {A}ccelerators}, 
 booktitle = {Proceedings of the 42nd Annual International Symposium on Computer Architecture},
 series = {ISCA 2015},
 year = {2015},
 month = {jun},
 location = {Portland, USA},
 numpages = {12},
 publisher = {ACM},
 address = {New York, NY, USA},
}

@article{msc,
  author    = {Kumar, Snehasish},
  title     = {{A}rchitectural {S}upport for a {V}ariable {G}ranularity {C}ache {M}emory {S}ystem},
  journal   = {MSc Thesis},
  year      = {2013},
  month     = {apr},
  publisher = {SFU},
  ee        = {http://summit.sfu.ca/item/12771}
}

@article{mici,
  author    = {Kumar, Snehasish and Champati Rai, Satyananda and Mall, Rajib and Kumar Pradhan, Sateesh},
  title     = {{M}i{C}i : {A} {N}ovel {M}icro-{L}evel {T}emporal {C}hannel {I}mploration for {M}obile {H}osts},
  journal   = {CoRR},
  volume    = {abs/1104.4204},
  year      = {2011},
  ee        = {http://arxiv.org/abs/1104.4204},
  bibsource = {DBLP, http://dblp.uni-trier.de}
}

@inproceedings{dax,
  author    = {Kumar, Snehasish and Vedula, Naveen and Shriraman, Arrvindh and Srinivasan, Vijayalakshmi},
  title     = {{DASX} : {H}ardware {A}ccelerator for {S}oftware {D}ata {S}tructures},
  booktitle = {Proceedings of the 29th ACM International Conference on Supercomputing},
  series    = {ICS 2015},
  month     = {june},
  year      = {2015}
}

@inproceedings{peruse,
  author    = {Kumar, Snehasish and Srinivasan, Vijayalakshmi and Sharifian, Amirali and Sumner, Nick and Shriraman, Arrvindh},
  title     = {Peruse and {P}rofit : Estimating the {A}ccelerabilty of {L}oops},
  booktitle = {Proceedings of the 30th ACM International Conference on Supercomputing},
  series    = {ICS 2016},
  month     = {june},
  year      = {2016}
}

@inproceedings{chainsaw,
 author = {Sharifian, Amirali and Kumar, Snehasish and Guha, Apala and Shriraman, Arrvindh},
 title = {{C}hain{S}aw : {C}reating {V}on-{N}eumann {A}ccelerators with {F}used {I}nstruction {C}hains },
 booktitle = {Proceedings of the 49th Annual IEEE/ACM International Symposium on Microarchitecture},
 series = {MICRO 2016},
 month = {oct},
 year = {2016},
 publisher = {IEEE Computer Society},
 address = {Washington, DC, USA}
} 


