
@article{msc,
  author    = {Kumar, Snehasish},
  title     = {{A}rchitectural {S}upport for a {V}ariable {G}ranularity {C}ache {M}emory {S}ystem},
  journal   = {MSc Thesis},
  year      = {2013},
  month     = {apr},
  publisher = {SFU},
  url        = {http://summit.sfu.ca/item/12771}
}


